@book{griffiths,
	added-at = {2023-04-02T00:16:41.000+0200},
	address = {New York },
	author = {Griffiths, Phillip and Harris, Joseph},
	biburl = {https://www.bibsonomy.org/bibtex/21edb81e7277c4121f5b1fd8e45e39758/gdmcbain},
	interhash = {ab4d732de8c895848e6c4ac306730156},
	intrahash = {1edb81e7277c4121f5b1fd8e45e39758},
	keywords = {14-02-algebraic-geometry-research-exposition 14c30-transcendantal-methods-hodge-theory},
	publisher = {John Wiley & Sons},
	series = {Pure and Applied Mathematics. A Wiley-Interscience Publication.},
	timestamp = {2023-04-02T00:16:41.000+0200},
	title = {Principles of algebraic geometry },
	year = 1978
}

@book{huybrechts,
	title={Complex Geometry: An Introduction},
	author={Huybrechts, D.},
	isbn={9783540212904},
	lccn={2004108312},
	series={Universitext (Berlin. Print)},
	year={2005},
	publisher={Springer}
}
