@book{griffiths,
	added-at = {2023-04-02T00:16:41.000+0200},
	address = {New York },
	author = {Griffiths, Phillip and Harris, Joseph},
	biburl = {https://www.bibsonomy.org/bibtex/21edb81e7277c4121f5b1fd8e45e39758/gdmcbain},
	interhash = {ab4d732de8c895848e6c4ac306730156},
	intrahash = {1edb81e7277c4121f5b1fd8e45e39758},
	keywords = {14-02-algebraic-geometry-research-exposition 14c30-transcendantal-methods-hodge-theory},
	publisher = {John Wiley and Sons},
	series = {Pure and Applied Mathematics. A Wiley-Interscience Publication.},
	timestamp = {2023-04-02T00:16:41.000+0200},
	title = {Principles of algebraic geometry },
	year = 1978
}

@book{huybrechts,
	title={Complex Geometry: An Introduction},
	author={Huybrechts, D.},
	isbn={9783540212904},
	lccn={2004108312},
	series={Universitext (Berlin. Print)},
	year={2005},
	publisher={Springer}
}

@book{donaldson,
	title={Riemann Surfaces},
	author={Donaldson, S.},
	isbn={9780191545849},
	lccn={2011283705},
	series={Oxford Graduate Texts in Mathematics},
	year={2011},
	publisher={OUP Oxford}
}

@book{hatcher-vb,
	title={Vector Bundles and K-Theory},
	author={Hatcher, A.},
	url={https://pi.math.cornell.edu/~hatcher/VBKT/VBpage.html}
}

@book{hatcher-at,
	author        = "Hatcher, A.",
	title         = "{Algebraic topology}",
	publisher     = "Cambridge Univ. Press",
	address       = "Cambridge",
	year          = "2000",
}

@book{the-rising-sea,
	author={Vakil, R.},
	title={The Rising Sea},
	url={https://math.stanford.edu/~vakil/216blog/}}

@inbook{voisin-intro, place={Cambridge}, series={Cambridge Studies in Advanced Mathematics}, title={Introduction}, booktitle={Hodge Theory and Complex Algebraic Geometry I}, publisher={Cambridge University Press}, author={Voisin, Claire}, editor={Schneps, LeilaTranslator}, year={2002}, pages={1â€“18}, collection={Cambridge Studies in Advanced Mathematics}}

@book{piccione,
	title={On the geometry of Grassmannians and the symplectic group: the Maslov index and its applications},
	author={Piccione, P. and Tausk, D. V.},
	year={2000},
	publisher={Citeseer}
	address={Rio de Janeiro}
	url={https://citeseerx.ist.psu.edu/document?repid=rep1&type=pdf&doi=5758b155e18078646a12ee9bb29b448052895662}
}

@book{milnor,
 ISBN = {9780691080086},
 URL = {http://www.jstor.org/stable/j.ctv3f8rb6},
 author = {J. Milnor and M. SPIVAK and R. WELLS},
 publisher = {Princeton University Press},
 title = {Morse Theory. (AM-51), Volume 51},
 urldate = {2024-06-06},
 year = {1969}
}

@book{bredon,
  title={Topology and Geometry},
  author={Bredon, G.E.},
  number={v. 14},
  isbn={9780387979267},
  lccn={95159516},
  series={Graduate Texts in Mathematics},
  year={1993},
  publisher={Springer}
}

